
@article{chandra1996unreliable,
  title={Unreliable failure detectors for reliable distributed systems},
  author={Chandra, Tushar Deepak and Toueg, Sam},
  journal={Journal of the ACM (JACM)},
  volume={43},
  number={2},
  pages={225--267},
  year={1996},
  publisher={ACM}
}

@article{garcia1983using,
  title={Using semantic knowledge for transaction processing in a distributed database},
  author={Garcia-Molina, Hector},
  journal={ACM Transactions on Database Systems (TODS)},
  volume={8},
  number={2},
  pages={186--213},
  year={1983},
  publisher={ACM}
}

@article{eswaran1976notions,
  title={The notions of consistency and predicate locks in a database system},
  author={Eswaran, Kapali P. and Gray, Jim N and Lorie, Raymond A. and Traiger, Irving L.},
  journal={Communications of the ACM},
  volume={19},
  number={11},
  pages={624--633},
  year={1976},
  publisher={ACM}
}

@inproceedings{guerraoui2008obstruction,
  title={On obstruction-free transactions},
  author={Guerraoui, Rachid and Kapalka, Michal},
  booktitle={Proceedings of the twentieth annual symposium on Parallelism in algorithms and architectures},
  pages={304--313},
  year={2008},
  organization={ACM}
}

@inproceedings{rajwar2005virtualizing,
  title={Virtualizing transactional memory},
  author={Rajwar, Ravi and Herlihy, Maurice and Lai, Konrad},
  booktitle={ACM SIGARCH Computer Architecture News},
  volume={33},
  number={2},
  pages={494--505},
  year={2005},
  organization={IEEE Computer Society}
}

@inproceedings{hitz1994file,
  title={File System Design for an NFS File Server Appliance.},
  author={Hitz, Dave and Lau, James and Malcolm, Michael A},
  booktitle={USENIX winter},
  volume={94},
  year={1994}
}

@inproceedings{bailey2011operating,
  title={Operating System Implications of Fast, Cheap, Non-Volatile Memory.},
  author={Bailey, Katelin and Ceze, Luis and Gribble, Steven D and Levy, Henry M},
  booktitle={HotOS},
  volume={13},
  pages={2--2},
  year={2011}
}

@article{coburn2011nv,
  title={NV-Heaps: making persistent objects fast and safe with next-generation, non-volatile memories},
  author={Coburn, Joel and Caulfield, Adrian M and Akel, Ameen and Grupp, Laura M and Gupta, Rajesh K and Jhala, Ranjit and Swanson, Steven},
  journal={ACM Sigplan Notices},
  volume={46},
  number={3},
  pages={105--118},
  year={2011},
  publisher={ACM}
}

@article{mahajan2011consistency,
  title={Consistency, availability, and convergence},
  author={Mahajan, Prince and Alvisi, Lorenzo and Dahlin, Mike and others},
  journal={University of Texas at Austin Tech Report},
  volume={11},
  year={2011},
  publisher={Citeseer}
}

@article{bhandari2012implications,
  title={Implications of CPU caching on byte-addressable non-volatile memory programming},
  author={Bhandari, Kumud and Chakrabarti, Dhruva R and Boehm, Hans-J},
  journal={Hewlett-Packard, Tech. Rep. HPL-2012-236},
  year={2012}
}

@inproceedings{moraru2013consistent,
  title={Consistent, durable, and safe memory management for byte-addressable non volatile main memory},
  author={Moraru, Iulian and Andersen, David G and Kaminsky, Michael and Tolia, Niraj and Ranganathan, Parthasarathy and Binkert, Nathan},
  booktitle={Proceedings of the First ACM SIGOPS Conference on Timely Results in Operating Systems},
  pages={1},
  year={2013},
  organization={ACM}
}

@inproceedings{zhao2013kiln,
  title={Kiln: Closing the performance gap between systems with and without persistence support},
  author={Zhao, Jishen and Li, Sheng and Yoon, Doe Hyun and Xie, Yuan and Jouppi, Norman P},
  booktitle={Microarchitecture (MICRO), 2013 46th Annual IEEE/ACM International Symposium on},
  pages={421--432},
  year={2013},
  organization={IEEE}
}

@inproceedings{chakrabarti2014atlas,
  title={Atlas: Leveraging locks for non-volatile memory consistency},
  author={Chakrabarti, Dhruva R and Boehm, Hans-J and Bhandari, Kumud},
  booktitle={ACM SIGPLAN Notices},
  volume={49},
  number={10},
  pages={433--452},
  year={2014},
  organization={ACM}
}

@inproceedings{dulloor2014system,
  title={System software for persistent memory},
  author={Dulloor, Subramanya R and Kumar, Sanjay and Keshavamurthy, Anil and Lantz, Philip and Reddy, Dheeraj and Sankaran, Rajesh and Jackson, Jeff},
  booktitle={Proceedings of the Ninth European Conference on Computer Systems},
  pages={15},
  year={2014},
  organization={ACM}
}

@inproceedings{park2013failure,
  title={Failure-atomic msync (): A simple and efficient mechanism for preserving the integrity of durable data},
  author={Park, Stan and Kelly, Terence and Shen, Kai},
  booktitle={Proceedings of the 8th ACM European Conference on Computer Systems},
  pages={225--238},
  year={2013},
  organization={ACM}
}

@inproceedings{lu2014loose,
  title={Loose-ordering consistency for persistent memory},
  author={Lu, Youyou and Shu, Jiwu and Sun, Long and Mutlu, Onur},
  booktitle={Computer Design (ICCD), 2014 32nd IEEE International Conference on},
  pages={216--223},
  year={2014},
  organization={IEEE}
}

@article{herlihy2014future,
  title={The Future of Synchronization on Multicores: The multicore transformation (Ubiquity symposium)},
  author={Herlihy, Maurice},
  journal={Ubiquity},
  volume={2014},
  number={September},
  pages={1},
  year={2014},
  publisher={ACM}
}

@phdthesis{dulloor2015systems,
  title={Systems and applications for persistent memory},
  author={Dulloor, Subramanya R},
  year={2015},
  school={Georgia Institute of Technology}
}

@article{chatzistergiou2015rewind,
  title={Rewind: Recovery write-ahead system for in-memory non-volatile data-structures},
  author={Chatzistergiou, Andreas and Cintra, Marcelo and Viglas, Stratis D},
  journal={Proceedings of the VLDB Endowment},
  volume={8},
  number={5},
  pages={497--508},
  year={2015},
  publisher={VLDB Endowment}
}

@inproceedings{liang2016case,
  title={A Case for Virtualizing Persistent Memory},
  author={Liang, Liang and Chen, Rong and Chen, Haibo and Xia, Yubin and Park, KwanJong and Zang, Binyu and Guan, Haibing},
  booktitle={Proceedings of the Seventh ACM Symposium on Cloud Computing},
  pages={126--140},
  year={2016},
  organization={ACM}
}

@inproceedings{giles2015transaction,
  title={Transaction local aliasing in storage class memory},
  author={Giles, Ellis and Doshi, Kshitij and Varman, Peter},
  booktitle={Networking, Architecture and Storage (NAS), 2015 IEEE International Conference on},
  pages={349--350},
  year={2015},
  organization={IEEE}
}

@inproceedings{ren2015thynvm,
  title={ThyNVM: Enabling software-transparent crash consistency in persistent memory systems},
  author={Ren, Jinglei and Zhao, Jishen and Khan, Samira and Choi, Jongmoo and Wu, Yongwei and Mutlu, Onur},
  booktitle={Proceedings of the 48th International Symposium on Microarchitecture},
  pages={672--685},
  year={2015},
  organization={ACM}
}

@inproceedings{xu2016nova,
  title={NOVA: A Log-structured File System for Hybrid Volatile/Non-volatile Main Memories.},
  author={Xu, Jian and Swanson, Steven},
  booktitle={FAST},
  pages={323--338},
  year={2016}
}

@article{lu2017improving,
  title={Improving performance and endurance of persistent memory with loose-ordering consistency},
  author={Lu, Youyou and Shu, Jiwu and Sun, Long and Mutlu, Onur},
  journal={IEEE Transactions on Parallel and Distributed Systems},
  year={2017},
  publisher={IEEE}
}

@inproceedings{ou2016fast,
  title={Fast and failure-consistent updates of application data in non-volatile main memory file system},
  author={Ou, Jiaxin and Shu, Jiwu},
  booktitle={Mass Storage Systems and Technologies (MSST), 2016 32nd Symposium on},
  pages={1--15},
  year={2016},
  organization={IEEE}
}

@article{izraelevitz2016failure,
  title={Failure-atomic persistent memory updates via JUSTDO logging},
  author={Izraelevitz, Joseph and Kelly, Terence and Kolli, Aasheesh},
  journal={ACM SIGARCH Computer Architecture News},
  volume={44},
  number={2},
  pages={427--442},
  year={2016},
  publisher={ACM}
}

@inproceedings{kannan2016pvm,
  title={pVM: persistent virtual memory for efficient capacity scaling and object storage},
  author={Kannan, Sudarsun and Gavrilovska, Ada and Schwan, Karsten},
  booktitle={Proceedings of the Eleventh European Conference on Computer Systems},
  pages={13},
  year={2016},
  organization={ACM}
}

@inproceedings{oukid2016testing,
  title={On testing persistent-memory-based software},
  author={Oukid, Ismail and Booss, Daniel and Lespinasse, Adrien and Lehner, Wolfgang},
  booktitle={Proceedings of the 12th International Workshop on Data Management on New Hardware},
  pages={5},
  year={2016},
  organization={ACM}
}


@inproceedings{shan2017distributed,
  title={Distributed shared persistent memory},
  author={Shan, Yizhou and Tsai, Shin-Yeh and Zhang, Yiying},
  booktitle={Proceedings of the 2017 Symposium on Cloud Computing},
  pages={323--337},
  year={2017},
  organization={ACM}
}

@inproceedings{joshi2017atom,
  title={ATOM: Atomic durability in non-volatile memory through hardware logging},
  author={Joshi, Arpit and Nagarajan, Vijay and Viglas, Stratis and Cintra, Marcelo},
  booktitle={High Performance Computer Architecture (HPCA), 2017 IEEE International Symposium on},
  pages={361--372},
  year={2017},
  organization={IEEE}
}

@inproceedings{xia2017hikv,
  title={Hikv: A hybrid index key-value store for dram-nvm memory systems},
  author={Xia, Fei and Jiang, Dejun and Xiong, Jin and Sun, Ninghui},
  booktitle={2017 USENIX Annual Technical Conference (USENIX ATC 17)},
  pages={349--362},
  year={2017}
}

@article{seo2017failure,
  title={Failure-atomic slotted paging for persistent memory},
  author={Seo, Jihye and Kim, Wook-Hee and Baek, Woongki and Nam, Beomseok and Noh, Sam H},
  journal={ACM SIGARCH Computer Architecture News},
  volume={45},
  number={1},
  pages={91--104},
  year={2017},
  publisher={ACM}
}

@inproceedings{wu2018espresso,
  title={Espresso: Brewing Java For More Non-Volatility with Non-volatile Memory},
  author={Wu, Mingyu and Zhao, Ziming and Li, Haoyu and Li, Heting and Chen, Haibo and Zang, Binyu and Guan, Haibing},
  booktitle={Proceedings of the Twenty-Third International Conference on Architectural Support for Programming Languages and Operating Systems},
  pages={70--83},
  year={2018},
  organization={ACM}
}





