@inproceedings{volos2011mnemosyne,
  title={Mnemosyne: Lightweight persistent memory},
  author={Volos, Haris and Tack, Andres Jaan and Swift, Michael M},
  booktitle={ACM SIGARCH Computer Architecture News},
  volume={39},
  number={1},
  pages={91--104},
  year={2011},
  organization={ACM}
}

@inproceedings{condit2009better,
  title={Better I/O through byte-addressable, persistent memory},
  author={Condit, Jeremy and Nightingale, Edmund B and Frost, Christopher and Ipek, Engin and Lee, Benjamin and Burger, Doug and Coetzee, Derrick},
  booktitle={Proceedings of the ACM SIGOPS 22nd symposium on Operating systems principles},
  pages={133--146},
  year={2009},
  organization={ACM}
}

@inproceedings{pelley2014memory,
  title={Memory persistency},
  author={Pelley, Steven and Chen, Peter M and Wenisch, Thomas F},
  booktitle={ACM SIGARCH Computer Architecture News},
  volume={42},
  number={3},
  pages={265--276},
  year={2014},
  organization={IEEE Press}
}

@inproceedings{Friedman:2018:PLQ:3178487.3178490,
 author = {Friedman, Michal and Herlihy, Maurice and Marathe, Virendra and Petrank, Erez},
 title = {A Persistent Lock-free Queue for Non-volatile Memory},
 booktitle = {Proceedings of the 23rd ACM SIGPLAN Symposium on Principles and Practice of Parallel Programming},
 series = {PPoPP '18},
 year = {2018},
 isbn = {978-1-4503-4982-6},
 location = {Vienna, Austria},
 pages = {28--40},
 numpages = {13},
 url = {http://doi.acm.org/10.1145/3178487.3178490},
 doi = {10.1145/3178487.3178490},
 acmid = {3178490},
 publisher = {ACM},
 address = {New York, NY, USA},
 keywords = {concurrent data structures, lock-free, non-blocking, non-volatile memory},
} 

@inproceedings{Memaripour:2017:AIU:3064176.3064215,
 author = {Memaripour, Amirsaman and Badam, Anirudh and Phanishayee, Amar and Zhou, Yanqi and Alagappan, Ramnatthan and Strauss, Karin and Swanson, Steven},
 title = {Atomic In-place Updates for Non-volatile Main Memories with Kamino-Tx},
 booktitle = {Proceedings of the Twelfth European Conference on Computer Systems},
 series = {EuroSys '17},
 year = {2017},
 isbn = {978-1-4503-4938-3},
 location = {Belgrade, Serbia},
 pages = {499--512},
 numpages = {14},
 url = {http://doi.acm.org/10.1145/3064176.3064215},
 doi = {10.1145/3064176.3064215},
 acmid = {3064215},
 publisher = {ACM},
 address = {New York, NY, USA},
} 

@inproceedings{Hsu:2017:NPP:3064176.3064204,
 author = {Hsu, Terry Ching-Hsiang and Br\"{u}gner, Helge and Roy, Indrajit and Keeton, Kimberly and Eugster, Patrick},
 title = {NVthreads: Practical Persistence for Multi-threaded Applications},
 booktitle = {Proceedings of the Twelfth European Conference on Computer Systems},
 series = {EuroSys '17},
 year = {2017},
 isbn = {978-1-4503-4938-3},
 location = {Belgrade, Serbia},
 pages = {468--482},
 numpages = {15},
 url = {http://doi.acm.org.prx.library.gatech.edu/10.1145/3064176.3064204},
 doi = {10.1145/3064176.3064204},
 acmid = {3064204},
 publisher = {ACM},
 address = {New York, NY, USA},
} 

@article{Kolli:2017:LP:3140659.3080229,
 author = {Kolli, Aasheesh and Gogte, Vaibhav and Saidi, Ali and Diestelhorst, Stephan and Chen, Peter M. and Narayanasamy, Satish and Wenisch, Thomas F.},
 title = {Language-level Persistency},
 journal = {SIGARCH Comput. Archit. News},
 issue_date = {May 2017},
 volume = {45},
 number = {2},
 month = jun,
 year = {2017},
 issn = {0163-5964},
 pages = {481--493},
 numpages = {13},
 url = {http://doi.acm.org.prx.library.gatech.edu/10.1145/3140659.3080229},
 doi = {10.1145/3140659.3080229},
 acmid = {3080229},
 publisher = {ACM},
 address = {New York, NY, USA},
 keywords = {Persistent memories, language-level models, memory persistency},
} 

@inproceedings{Kolli:2017:LP:3079856.3080229,
 author = {Kolli, Aasheesh and Gogte, Vaibhav and Saidi, Ali and Diestelhorst, Stephan and Chen, Peter M. and Narayanasamy, Satish and Wenisch, Thomas F.},
 title = {Language-level Persistency},
 booktitle = {Proceedings of the 44th Annual International Symposium on Computer Architecture},
 series = {ISCA '17},
 year = {2017},
 isbn = {978-1-4503-4892-8},
 location = {Toronto, ON, Canada},
 pages = {481--493},
 numpages = {13},
 url = {http://doi.acm.org.prx.library.gatech.edu/10.1145/3079856.3080229},
 doi = {10.1145/3079856.3080229},
 acmid = {3080229},
 publisher = {ACM},
 address = {New York, NY, USA},
 keywords = {Persistent memories, language-level models, memory persistency},
} 

@inproceedings{lee2017wort,
  title={WORT: Write Optimal Radix Tree for Persistent Memory Storage Systems.},
  author={Lee, Se Kwon and Lim, K Hyun and Song, Hyunsub and Nam, Beomseok and Noh, Sam H},
  booktitle={FAST},
  pages={257--270},
  year={2017}
}


@article{Nalli:2017:APM:3093315.3037730,
 author = {Nalli, Sanketh and Haria, Swapnil and Hill, Mark D. and Swift, Michael M. and Volos, Haris and Keeton, Kimberly},
 title = {An Analysis of Persistent Memory Use with WHISPER},
 journal = {SIGOPS Oper. Syst. Rev.},
 issue_date = {June 2017},
 volume = {51},
 number = {2},
 month = apr,
 year = {2017},
 issn = {0163-5980},
 pages = {135--148},
 numpages = {14},
 url = {http://doi.acm.org.prx.library.gatech.edu/10.1145/3093315.3037730},
 doi = {10.1145/3093315.3037730},
 acmid = {3037730},
 publisher = {ACM},
 address = {New York, NY, USA},
 keywords = {benchmark, caches, non-volatile memory (nvm), persistent memory (pm), storage-class memory},
} 

@article{Nalli:2017:APM:3093336.3037730,
 author = {Nalli, Sanketh and Haria, Swapnil and Hill, Mark D. and Swift, Michael M. and Volos, Haris and Keeton, Kimberly},
 title = {An Analysis of Persistent Memory Use with WHISPER},
 journal = {SIGPLAN Not.},
 issue_date = {April 2017},
 volume = {52},
 number = {4},
 month = apr,
 year = {2017},
 issn = {0362-1340},
 pages = {135--148},
 numpages = {14},
 url = {http://doi.acm.org.prx.library.gatech.edu/10.1145/3093336.3037730},
 doi = {10.1145/3093336.3037730},
 acmid = {3037730},
 publisher = {ACM},
 address = {New York, NY, USA},
 keywords = {benchmark, caches, non-volatile memory (nvm), persistent memory (pm), storage-class memory},
} 

@article{Nalli:2017:APM:3093337.3037730,
 author = {Nalli, Sanketh and Haria, Swapnil and Hill, Mark D. and Swift, Michael M. and Volos, Haris and Keeton, Kimberly},
 title = {An Analysis of Persistent Memory Use with WHISPER},
 journal = {SIGARCH Comput. Archit. News},
 issue_date = {March 2017},
 volume = {45},
 number = {1},
 month = apr,
 year = {2017},
 issn = {0163-5964},
 pages = {135--148},
 numpages = {14},
 url = {http://doi.acm.org.prx.library.gatech.edu/10.1145/3093337.3037730},
 doi = {10.1145/3093337.3037730},
 acmid = {3037730},
 publisher = {ACM},
 address = {New York, NY, USA},
 keywords = {benchmark, caches, non-volatile memory (nvm), persistent memory (pm), storage-class memory},
} 

@inproceedings{Nalli:2017:APM:3037697.3037730,
 author = {Nalli, Sanketh and Haria, Swapnil and Hill, Mark D. and Swift, Michael M. and Volos, Haris and Keeton, Kimberly},
 title = {An Analysis of Persistent Memory Use with WHISPER},
 booktitle = {Proceedings of the Twenty-Second International Conference on Architectural Support for Programming Languages and Operating Systems},
 series = {ASPLOS '17},
 year = {2017},
 isbn = {978-1-4503-4465-4},
 location = {Xi'an, China},
 pages = {135--148},
 numpages = {14},
 url = {http://doi.acm.org.prx.library.gatech.edu/10.1145/3037697.3037730},
 doi = {10.1145/3037697.3037730},
 acmid = {3037730},
 publisher = {ACM},
 address = {New York, NY, USA},
 keywords = {benchmark, caches, non-volatile memory (nvm), persistent memory (pm), storage-class memory},
} 


@article{Oukid:2017:MMT:3137628.3137629,
 author = {Oukid, Ismail and Booss, Daniel and Lespinasse, Adrien and Lehner, Wolfgang and Willhalm, Thomas and Gomes, Gr{\'e}goire},
 title = {Memory Management Techniques for Large-scale Persistent-main-memory Systems},
 journal = {Proc. VLDB Endow.},
 issue_date = {August 2017},
 volume = {10},
 number = {11},
 month = aug,
 year = {2017},
 issn = {2150-8097},
 pages = {1166--1177},
 numpages = {12},
 url = {https://doi-org.prx.library.gatech.edu/10.14778/3137628.3137629},
 doi = {10.14778/3137628.3137629},
 acmid = {3137629},
 publisher = {VLDB Endowment},
} 

@misc{kolli2017architecting,
  title={Architecting Persistent Memory Systems},
  author={Kolli, Aasheesh},
  year={2017}
}

@inproceedings{kannan2018designing,
  title={Designing a true direct-access file system with DevFS},
  author={Kannan, Sudarsun and Arpaci-Dusseau, Andrea C and Arpaci-Dusseau, Remzi H and Wang, Yuangang and Xu, Jun and Palani, Gopinath},
  booktitle={16th USENIX Conference on File and Storage Technologies},
  pages={241},
  year={2018}
}

@article{Cohen:2017:ELN:3152284.3133891,
 author = {Cohen, Nachshon and Friedman, Michal and Larus, James R.},
 title = {Efficient Logging in Non-volatile Memory by Exploiting Coherency Protocols},
 journal = {Proc. ACM Program. Lang.},
 issue_date = {October 2017},
 volume = {1},
 number = {OOPSLA},
 month = oct,
 year = {2017},
 issn = {2475-1421},
 pages = {67:1--67:24},
 articleno = {67},
 numpages = {24},
 url = {http://doi.acm.org.prx.library.gatech.edu/10.1145/3133891},
 doi = {10.1145/3133891},
 acmid = {3133891},
 publisher = {ACM},
 address = {New York, NY, USA},
 keywords = {Non-volatile memory, PCSO, Persistent Cache Store Order, Persistent log, Persistent set},
}


@article{Pillai:2017:ACC:3141876.3119897,
 author = {Pillai, Thanumalayan Sankaranarayana and Alagappan, Ramnatthan and Lu, Lanyue and Chidambaram, Vijay and Arpaci-Dusseau, Andrea C. and Arpaci-Dusseau, Remzi H.},
 title = {Application Crash Consistency and Performance with CCFS},
 journal = {ACM Trans. Storage},
 issue_date = {October 2017},
 volume = {13},
 number = {3},
 month = sep,
 year = {2017},
 issn = {1553-3077},
 pages = {19:1--19:29},
 articleno = {19},
 numpages = {29},
 url = {http://doi.acm.org.prx.library.gatech.edu/10.1145/3119897},
 doi = {10.1145/3119897},
 acmid = {3119897},
 publisher = {ACM},
 address = {New York, NY, USA},
 keywords = {File systems, crash consistency, performance, reordering},
} 

@article{liu2018hmfs,
  title={HMFS: A hybrid in-memory file system with version consistency},
  author={Liu, Hao and Huang, Linpeng and Zhu, Yanmin and Zheng, Shengan and Shen, Yanyan},
  journal={Journal of Parallel and Distributed Computing},
  volume={117},
  pages={18--36},
  year={2018},
  publisher={Elsevier}
}

@article{Maeng:2017:AIE:3152284.3133920,
 author = {Maeng, Kiwan and Colin, Alexei and Lucia, Brandon},
 title = {Alpaca: Intermittent Execution Without Checkpoints},
 journal = {Proc. ACM Program. Lang.},
 issue_date = {October 2017},
 volume = {1},
 number = {OOPSLA},
 month = oct,
 year = {2017},
 issn = {2475-1421},
 pages = {96:1--96:30},
 articleno = {96},
 numpages = {30},
 url = {http://doi.acm.org/10.1145/3133920},
 doi = {10.1145/3133920},
 acmid = {3133920},
 publisher = {ACM},
 address = {New York, NY, USA},
 keywords = {energy-harvesting, intermittent computing},
} 

@inproceedings{Chen:2017:ESP:3123939.3124543,
 author = {Chen, Guoyang and Zhang, Lei and Budhiraja, Richa and Shen, Xipeng and Wu, Youfeng},
 title = {Efficient Support of Position Independence on Non-volatile Memory},
 booktitle = {Proceedings of the 50th Annual IEEE/ACM International Symposium on Microarchitecture},
 series = {MICRO-50 '17},
 year = {2017},
 isbn = {978-1-4503-4952-9},
 location = {Cambridge, Massachusetts},
 pages = {191--203},
 numpages = {13},
 url = {http://doi.acm.org/10.1145/3123939.3124543},
 doi = {10.1145/3123939.3124543},
 acmid = {3124543},
 publisher = {ACM},
 address = {New York, NY, USA},
 keywords = {NVM, compiler, program optimizations, programming languages},
}

@article{liu2017durable,
  title={Durable address translation in PCM-based flash storage systems},
  author={Liu, Duo and Zhong, Kan and Wang, Tianzheng and Wang, Yi and Shao, Zili and Sha, Edwin Hsing-Mean and Xue, Jingling},
  journal={IEEE Transactions on Parallel and Distributed Systems},
  volume={28},
  number={2},
  pages={475--490},
  year={2017},
  publisher={IEEE}
}

@inproceedings{wang2017hardware,
  title={Hardware supported persistent object address translation},
  author={Wang, Tiancong and Sambasivam, Sakthikumaran and Solihin, Yan and Tuck, James},
  booktitle={Proceedings of the 50th Annual IEEE/ACM International Symposium on Microarchitecture},
  pages={800--812},
  year={2017},
  organization={ACM}
}

@article{sha2018towards,
  title={Towards the Design of Efficient and Consistent Index Structure with Minimal Write Activities for Non-Volatile Memory},
  author={Sha, Edwin Hsing-Mean and Jiang, Weiwen and Dong, Hailiang and Ma, Zhulin and Zhang, Runyu and Chen, Xianzhang and Zhuge, Qingfeng},
  journal={IEEE Transactions on Computers},
  volume={67},
  number={3},
  pages={432--448},
  year={2018},
  publisher={IEEE}
}

@inproceedings{shin2017proteus,
  title={Proteus: a flexible and fast software supported hardware logging approach for NVM},
  author={Shin, Seunghee and Tirukkovalluri, Satish Kumar and Tuck, James and Solihin, Yan},
  booktitle={Proceedings of the 50th Annual IEEE/ACM International Symposium on Microarchitecture},
  pages={178--190},
  year={2017},
  organization={ACM}
}

@inproceedings{wei2017transactional,
  title={Transactional NVM cache with high performance and crash consistency},
  author={Wei, Qingsong and Wang, Chundong and Chen, Cheng and Yang, Yechao and Yang, Jun and Xue, Mingdi},
  booktitle={Proceedings of the International Conference for High Performance Computing, Networking, Storage and Analysis},
  pages={56},
  year={2017},
  organization={ACM}
}


@article{papagiannis2017iris,
  title={Iris: An optimized I/O stack for low-latency storage devices},
  author={Papagiannis, Anastasios and Saloustros, Giorgos and Marazakis, Manolis and Bilas, Angelos},
  journal={ACM SIGOPS Operating Systems Review},
  volume={50},
  number={1},
  pages={3--11},
  year={2017},
  publisher={ACM}
}


@article{zhang2018simpo,
  title={SIMPO: A Scalable In-Memory Persistent Object Framework Using NVRAM for Reliable Big Data Computing},
  author={Zhang, Mingzhe and Lam, King Tin and Yao, Xin and Wang, Cho-Li},
  journal={ACM Transactions on Architecture and Code Optimization (TACO)},
  volume={15},
  number={1},
  pages={7},
  year={2018},
  publisher={ACM}
}

@inproceedings{arulraj2017build,
  title={How to build a non-volatile memory database management system},
  author={Arulraj, Joy and Pavlo, Andrew},
  booktitle={Proceedings of the 2017 ACM International Conference on Management of Data},
  pages={1753--1758},
  year={2017},
  organization={ACM}
}

@article{yu2017redesign,
  title={Redesign the memory allocator for non-volatile main memory},
  author={Yu, Songping and Xiao, Nong and Deng, Mingzhu and Liu, Fang and Chen, Wei},
  journal={ACM Journal on Emerging Technologies in Computing Systems (JETC)},
  volume={13},
  number={3},
  pages={49},
  year={2017},
  publisher={ACM}
}

@inproceedings{Oukid:2014:SHS:2619228.2619236,
 author = {Oukid, Ismail and Booss, Daniel and Lehner, Wolfgang and Bumbulis, Peter and Willhalm, Thomas},
 title = {SOFORT: A Hybrid SCM-DRAM Storage Engine for Fast Data Recovery},
 booktitle = {Proceedings of the Tenth International Workshop on Data Management on New Hardware},
 series = {DaMoN '14},
 year = {2014},
 isbn = {978-1-4503-2971-2},
 location = {Snowbird, Utah},
 pages = {8:1--8:7},
 articleno = {8},
 numpages = {7},
 url = {http://doi.acm.org.prx.library.gatech.edu/10.1145/2619228.2619236},
 doi = {10.1145/2619228.2619236},
 acmid = {2619236},
 publisher = {ACM},
 address = {New York, NY, USA},
} 

@article{kim2018clfb,
  title={clfB-tree: Cacheline friendly persistent B-tree for NVRAM},
  author={Kim, Wook-Hee and Seo, Jihye and Kim, Jinwoong and Nam, Beomseok},
  journal={ACM Transactions on Storage (TOS)},
  volume={14},
  number={1},
  pages={5},
  year={2018},
  publisher={ACM}
}

@article{wang2018persisting,
  title={Persisting RB-Tree into NVM in a Consistency Perspective},
  author={Wang, Chundong and Wei, Qingsong and Wu, Lingkun and Wang, Sibo and Chen, Cheng and Xiao, Xiaokui and Yang, Jun and Xue, Mingdi and Yang, Yechao},
  journal={ACM Transactions on Storage (TOS)},
  volume={14},
  number={1},
  pages={6},
  year={2018},
  publisher={ACM}
}

@article{zhang2017fine,
  title={Fine-grained checkpoint based on non-volatile memory},
  author={Zhang, Wen-zhe and Lu, Kai and Luj{\'a}n, Mikel and Wang, Xiao-ping and Zhou, Xu},
  journal={Frontiers of Information Technology \& Electronic Engineering},
  volume={18},
  number={2},
  pages={220--234},
  year={2017},
  publisher={Springer}
}

@article{huang2018nvht,
  title={NVHT: An efficient key-value storage library for non-volatile memory},
  author={Huang, Kaixin and Zhou, Jie and Huang, Linpeng and Shen, Yanyan},
  journal={Journal of Parallel and Distributed Computing},
  year={2018},
  publisher={Elsevier}
}

@inproceedings{nawab2017dali,
  title={Dal{\'\i}: A Periodically Persistent Hash Map},
  author={Nawab, Faisal and Izraelevitz, Joseph and Kelly, Terence and Morrey III, Charles B and Chakrabarti, Dhruva R and Scott, Michael L},
  booktitle={LIPIcs-Leibniz International Proceedings in Informatics},
  volume={91},
  year={2017},
  organization={Schloss Dagstuhl-Leibniz-Zentrum fuer Informatik}
}

@inproceedings{giles2017continuous,
  title={Continuous checkpointing of HTM transactions in NVM},
  author={Giles, Ellis and Doshi, Kshitij and Varman, Peter},
  booktitle={Proceedings of the 2017 ACM SIGPLAN International Symposium on Memory Management},
  pages={70--81},
  year={2017},
  organization={ACM}
}

@misc{lee2018write,
  title={Write-Optimal Radix Tree: A Deterministic Indexing Structure for Persistent Memory Storage Systems},
  author={Lee, Sekwon},
  year={2018},
  publisher={Graduate School of UNIST}
}

@inproceedings{chen2017udorn,
  title={UDORN: A design framework of persistent in-memory key-value database for NVM},
  author={Chen, Xianzhang and Sha, Edwin H-M and Abdullah, Ahmad and Zhuge, Qingfeng and Wu, Lin and Yang, Chaoshu and Jiang, Weiwen},
  booktitle={Non-Volatile Memory Systems and Applications Symposium (NVMSA), 2017 IEEE 6th},
  pages={1--6},
  year={2017},
  organization={IEEE}
}

@inproceedings{oukid2017data,
  title={Data structure engineering for byte-addressable non-volatile memory},
  author={Oukid, Ismail and Lehner, Wolfgang},
  booktitle={Proceedings of the 2017 ACM International Conference on Management of Data},
  pages={1759--1764},
  year={2017},
  organization={ACM}
}


@inproceedings{kim2017papyruskv,
  title={PapyrusKV: a high-performance parallel key-value store for distributed NVM architectures},
  author={Kim, Jungwon and Lee, Seyong and Vetter, Jeffrey S},
  booktitle={Proceedings of the International Conference for High Performance Computing, Networking, Storage and Analysis},
  pages={57},
  year={2017},
  organization={ACM}
}

@article{liu2017librekv,
  title={LibreKV: A Persistent In-Memory Key-Value Store},
  author={Liu, Hao and Huang, Linpeng and Zhu, Yanmin and Shen, Yanyan},
  journal={IEEE Transactions on Emerging Topics in Computing},
  year={2017},
  publisher={IEEE}
}

@inproceedings{lu2012bloomstore,
  title={BloomStore: Bloom-filter based memory-efficient key-value store for indexing of data deduplication on flash},
  author={Lu, Guanlin and Nam, Young Jin and Du, David HC},
  booktitle={Mass Storage Systems and Technologies (MSST), 2012 IEEE 28th Symposium on},
  pages={1--11},
  year={2012},
  organization={IEEE}
}

@inproceedings{venkataraman2011consistent,
  title={Consistent and Durable Data Structures for Non-Volatile Byte-Addressable Memory.},
  author={Venkataraman, Shivaram and Tolia, Niraj and Ranganathan, Parthasarathy and Campbell, Roy H and others},
  booktitle={FAST},
  volume={11},
  pages={61--75},
  year={2011}
}

@inproceedings{wu2015lsm,
  title={LSM-trie: an LSM-tree-based ultra-large key-value store for small data},
  author={Wu, Xingbo and Xu, Yuehai and Shao, Zili and Jiang, Song},
  booktitle={Proceedings of the 2015 USENIX Conference on Usenix Annual Technical Conference},
  pages={71--82},
  year={2015},
  organization={USENIX Association}
}

@inproceedings{hu2015lama,
  title={LAMA: Optimized Locality-aware Memory Allocation for Key-value Cache.},
  author={Hu, Xiameng and Wang, Xiaolin and Li, Yechen and Zhou, Lan and Luo, Yingwei and Ding, Chen and Jiang, Song and Wang, Zhenlin},
  booktitle={USENIX Annual Technical Conference},
  pages={57--69},
  year={2015}
}


@article{chen2015persistent,
  title={Persistent b+-trees in non-volatile main memory},
  author={Chen, Shimin and Jin, Qin},
  journal={Proceedings of the VLDB Endowment},
  volume={8},
  number={7},
  pages={786--797},
  year={2015},
  publisher={VLDB Endowment}
}


@inproceedings{wang2014using,
  title={Using restricted transactional memory to build a scalable in-memory database},
  author={Wang, Zhaoguo and Qian, Hao and Li, Jinyang and Chen, Haibo},
  booktitle={Proceedings of the Ninth European Conference on Computer Systems},
  pages={26},
  year={2014},
  organization={ACM}
}

@inproceedings{arulraj2015let,
  title={Let's talk about storage \& recovery methods for non-volatile memory database systems},
  author={Arulraj, Joy and Pavlo, Andrew and Dulloor, Subramanya R},
  booktitle={Proceedings of the 2015 ACM SIGMOD International Conference on Management of Data},
  pages={707--722},
  year={2015},
  organization={ACM}
}
@inproceedings{fan2014cuckoo,
  title={Cuckoo filter: Practically better than bloom},
  author={Fan, Bin and Andersen, Dave G and Kaminsky, Michael and Mitzenmacher, Michael D},
  booktitle={Proceedings of the 10th ACM International on Conference on emerging Networking Experiments and Technologies},
  pages={75--88},
  year={2014},
  organization={ACM}
}

@inproceedings{joshi2015efficient,
  title={Efficient persist barriers for multicores},
  author={Joshi, Arpit and Nagarajan, Vijay and Cintra, Marcelo and Viglas, Stratis},
  booktitle={Microarchitecture (MICRO), 2015 48th Annual IEEE/ACM International Symposium on},
  pages={660--671},
  year={2015},
  organization={IEEE}
}

% Materials

@article{sbiaa2011materials,
  title={Materials with perpendicular magnetic anisotropy for magnetic random access memory},
  author={Sbiaa, R and Meng, H and Piramanayagam, SN},
  journal={physica status solidi (RRL)-Rapid Research Letters},
  volume={5},
  number={12},
  pages={413--419},
  year={2011},
  publisher={Wiley Online Library}
}

@article{chen2016review,
  title={A review of emerging non-volatile memory (NVM) technologies and applications},
  author={Chen, An},
  journal={Solid-State Electronics},
  volume={125},
  pages={25--38},
  year={2016},
  publisher={Elsevier}
}

@book{herlihy1993transactional,
  title={Transactional memory: Architectural support for lock-free data structures},
  author={Herlihy, Maurice and Moss, J Eliot B},
  volume={21},
  number={2},
  year={1993},
  publisher={ACM}
}

@book{liedtke1995micro,
  title={On $\mu$-kernel construction},
  author={Liedtke, Jochen},
  volume={29},
  number={5},
  year={1995},
  publisher={ACM}
}

@misc{soller2017syscall,
author={Soller, Stephan},
title={Measurements of system call performance and overhead},
note={http://arkanis.de/weblog/2017-01-05-measurements-of-system-call-performance-and-overhead (accessed April 16, 2018},
year={2017},
month={January},
day={5}
}

@article{o1996log,
  title={The log-structured merge-tree (LSM-tree)},
  author={O’Neil, Patrick and Cheng, Edward and Gawlick, Dieter and O’Neil, Elizabeth},
  journal={Acta Informatica},
  volume={33},
  number={4},
  pages={351--385},
  year={1996},
  publisher={Springer}
}

@misc{crucial2017latency,
author={Crucial},
title={Speed vs Latency: Why CAS latency isn't an accurate measure of memory performance},
note={http://www.crucial.com/usa/en/memory-performance-speed-latency (accessed April 16, 2018)},
year={2017}
}


@inproceedings{mao2012cache,
  title={Cache craftiness for fast multicore key-value storage},
  author={Mao, Yandong and Kohler, Eddie and Morris, Robert Tappan},
  booktitle={Proceedings of the 7th ACM european conference on Computer Systems},
  pages={183--196},
  year={2012},
  organization={ACM}
}

@article{wuanna,
  title={Anna: A KVS For Any Scale},
  author={Wu, Chenggang and Faleiro, Jose M and Lin, Yihan and Hellerstein, Joseph M}
}

@inproceedings{conway2012logic,
  title={Logic and lattices for distributed programming},
  author={Conway, Neil and Marczak, William R and Alvaro, Peter and Hellerstein, Joseph M and Maier, David},
  booktitle={Proceedings of the Third ACM Symposium on Cloud Computing},
  pages={1},
  year={2012},
  organization={ACM}
}

@inproceedings{lim2011silt,
  title={SILT: A memory-efficient, high-performance key-value store},
  author={Lim, Hyeontaek and Fan, Bin and Andersen, David G and Kaminsky, Michael},
  booktitle={Proceedings of the Twenty-Third ACM Symposium on Operating Systems Principles},
  pages={1--13},
  year={2011},
  organization={ACM}
}

@inproceedings{Li:2017:KHI:3132747.3132756,
 author = {Li, Bojie and Ruan, Zhenyuan and Xiao, Wencong and Lu, Yuanwei and Xiong, Yongqiang and Putnam, Andrew and Chen, Enhong and Zhang, Lintao},
 title = {KV-Direct: High-Performance In-Memory Key-Value Store with Programmable NIC},
 booktitle = {Proceedings of the 26th Symposium on Operating Systems Principles},
 series = {SOSP '17},
 year = {2017},
 isbn = {978-1-4503-5085-3},
 location = {Shanghai, China},
 pages = {137--152},
 numpages = {16},
 url = {http://doi.acm.org/10.1145/3132747.3132756},
 doi = {10.1145/3132747.3132756},
 acmid = {3132756},
 publisher = {ACM},
 address = {New York, NY, USA},
 keywords = {Key-Value Store, Performance, Programmable Hardware},
} 

@inproceedings{chandramouli2018Faster,
  author = {Chandramouli, Badrish and Prasad, Guna and Kossmann, Donald and Levandoski, Justin and Hunter, James and Barnett, Mike},  
  title = {Faster: A Concurrent Key-Value Store with In-Place Updates},
  booktitle={Proceedings of the 2018 ACM International Conference on Management of Data},
  year={2018},
  organization={ACM}
}

@article{merritt2017concurrent,
  title={Concurrent log-structured memory for many-core key-value stores},
  author={Merritt, Alexander and Gavrilovska, Ada and Chen, Yuan and Milojicic, Dejan},
  journal={Proceedings of the VLDB Endowment},
  volume={11},
  number={4},
  pages={458--471},
  year={2017},
  publisher={VLDB Endowment}
}

@inproceedings{zhou2016nvht,
  title={NVHT: an efficient key-value storage library for non-volatile memory},
  author={Zhou, Jie and Shen, Yanyan and Li, Sumin and Huang, Linpeng},
  booktitle={Proceedings of the 3rd IEEE/ACM International Conference on Big Data Computing, Applications and Technologies},
  pages={227--236},
  year={2016},
  organization={ACM}
}

@article{marathe2018persistent,
  title={Persistent Memory Transactions},
  author={Marathe, Virendra and Mishra, Achin and Trivedi, Amee and Huang, Yihe and Zaghloul, Faisal and Kashyap, Sanidhya and Seltzer, Margo and Harris, Tim and Byan, Steve and Bridge, Bill and others},
  journal={arXiv preprint arXiv:1804.00701},
  year={2018}
}

@inproceedings{leis2014exploiting,
  title={Exploiting hardware transactional memory in main-memory databases},
  author={Leis, Viktor and Kemper, Alfons and Neumann, Thomas},
  booktitle={Data Engineering (ICDE), 2014 IEEE 30th International Conference on},
  pages={580--591},
  year={2014},
  organization={IEEE}
}

@inproceedings{wu2016nvmcached,
  title={Nvmcached: An nvm-based key-value cache},
  author={Wu, Xingbo and Ni, Fan and Zhang, Li and Wang, Yandong and Ren, Yufei and Hack, Michel and Shao, Zili and Jiang, Song},
  booktitle={Proceedings of the 7th ACM SIGOPS Asia-Pacific Workshop on Systems},
  pages={18},
  year={2016},
  organization={ACM}
}

@inproceedings{roghanchi2017ffwd,
  title={ffwd: delegation is (much) faster than you think},
  author={Roghanchi, Sepideh and Eriksson, Jakob and Basu, Nilanjana},
  booktitle={Proceedings of the 26th Symposium on Operating Systems Principles},
  pages={342--358},
  year={2017},
  organization={ACM}
}

@inproceedings{calciu2013message,
  title={Message passing or shared memory: Evaluating the delegation abstraction for multicores},
  author={Calciu, Irina and Dice, Dave and Harris, Tim and Herlihy, Maurice and Kogan, Alex and Marathe, Virendra and Moir, Mark},
  booktitle={International Conference on Principles of Distributed Systems},
  pages={83--97},
  year={2013},
  organization={Springer}
}

@inproceedings{marathe2017persistent,
  title={Persistent memcached: bringing legacy code to byte-addressable persistent memory},
  author={Marathe, Virendra J and Seltzer, Margo and Byan, Steve and Harris, Tim},
  booktitle={9th USENIX Workshop on Hot Topics in Storage and File Systems (HotStorage 17)},
  year={2017}
}

% 
@inproceedings {222591,
title = {Write-Optimized and High-Performance Hashing Index Scheme for Persistent Memory},
booktitle = {13th {USENIX} Symposium on Operating Systems Design and Implementation ({OSDI} 18)},
author={Zuo, Pengfei and Hua, Yu and Wu, Jie},
year = {2018},
address = {Carlsbad, CA},
url = {https://www.usenix.org/conference/osdi18/presentation/zuo},
publisher = {{USENIX} Association},
}

% storage conference version
@inproceedings{zuo2017write,
  title={A write-friendly hashing scheme for non-volatile memory systems},
  author={Zuo, Pengfei and Hua, Yu},
  booktitle={Proc. MSST},
  year={2017}
}

% IEEE version
@article{zuo2018write,
  title={A Write-Friendly and Cache-Optimized Hashing Scheme for Non-Volatile Memory Systems},
  author={Zuo, Pengfei and Hua, Yu},
  journal={IEEE Transactions on Parallel and Distributed Systems},
  volume={29},
  number={5},
  pages={985--998},
  year={2018},
  publisher={IEEE}
}


% Drum memory patent
@patent{US2080100A,
author={Tauschek, Gustav},
title={Method and means for storing and selecting records},
year={1932},
url={https://patents.google.com/patent/US2080100A/en?oq=2080100}
}

% 
@article{adve1996shared,
  title={Shared memory consistency models: A tutorial},
  author={Adve, Sarita V and Gharachorloo, Kourosh},
  journal={computer},
  volume={29},
  number={12},
  pages={66--76},
  year={1996},
  publisher={IEEE}
}

