@book{heidemann1991layered,
  title={A layered approach to file system development},
  author={Heidemann, John Shelby and Popek, Gerald J},
  year={1991},
  publisher={Citeseer}
}


% [2] 	J. S. Heidemann and G. J. Popek, "File-system development with stackable layers," ACM Transactions on Computer Systems, pp. pp. 58-89, 1994. 

@article{heidemann1994file,
  title={File-system development with stackable layers},
  author={Heidemann, John S and Popek, Gerald J},
  journal={ACM Transactions on Computer Systems (TOCS)},
  volume={12},
  number={1},
  pages={58--89},
  year={1994},
  publisher={ACM}
}


% [3] 	M. L. Kazar, B. W. Leverett, O. T. Anderson, V. Apostolides, B. A. Bottos, S. Chutani, C. F. Everhart, W. A. Mason, S.-T. Tu and E. R. Zayas, "DEcorum File Systems Architecture Overview," in USENIX Summer 1990 Technical Conference, San Francisco, 1990. 

@inproceedings{kazar1990decorum,
  title={DEcorum File System Architectural Overview.},
  author={Kazar, Michael L and Leverett, Bruce W and Anderson, Owen T and Apostolides, Vasilis and Bottos, Beth A and Chutani, Sailesh and Everhart, Craig and Mason, W Anthony and Tu, Shu-Tsui and Zayas, Edward R},
  booktitle={USENIX Summer},
  volume={90},
  pages={151--163},
  year={1990}
}

% [4] 	E. Zadok and I. Badulescu, "A stackable file system interface for Linux," in LinuxExpo Conference Proceedings, 1999. 

@inproceedings{zadok1999stackable,
  title={A stackable file system interface for Linux},
  author={Zadok, Erez and Badulescu, Ion},
  booktitle={LinuxExpo Conference Proceedings},
  volume={94},
  pages={10},
  year={1999}
}

% [5] 	P. G. Viscarola and W. A. Mason, Windows NT Device Driver Development, Que Publishing, 1998. 

@book{viscarola1998windows,
  title={Windows NT device driver development},
  author={Viscarola, Peter and Mason, W Anthony},
  year={1998},
  publisher={New Riders Publishing}
}

% [6] 	S. Chutani, O. T. Anderson, M. L. Kazar, B. W. Leverett, W. A. Mason and R. N. Sidebotham, "The Episode File System," in USENIX Conference Proceedings Winter 1992, San Francisco, 1992. 

@inproceedings{chutani1992episode,
  title={The Episode file system},
  author={Chutani, Sailesh and Anderson, Owen T and Kazar, Michael L and Leverett, Bruce W and Mason, W Anthony and Sidebotham, Robert N and others},
  booktitle={Proceedings of the USENIX Winter},
  year={1992}
}

% [7] 	B. Martin, "Formal concept analysis and semantic file systems," University of Wollongong, Wollongong, 2008.

@inproceedings{martin2004formal,
  title={Formal concept analysis and semantic file systems},
  author={Martin, Ben},
  booktitle={International Conference on Formal Concept Analysis},
  pages={88--95},
  year={2004},
  organization={Springer}
}

% [8] 	M. Seltzer and N. Murphy, "Hierarchical File Systems are Dead," in HotOS'09 Proceedings of the 12th conference on Hot topics in operating systems, Monte Verit√†, Switzerland, 2009. 

@inproceedings{seltzer2009hierarchical,
  title={Hierarchical File Systems Are Dead.},
  author={Seltzer, Margo I and Murphy, Nicholas},
  booktitle={HotOS},
  year={2009}
}

% [9] 	J. Chou, "FindFS - Adding Tag-Based Views to a Hierarchical File System," University of British Columbia, Vancouver, 2015.

@phdthesis{chou2015findfs,
  title={FindFS: adding tag-based views to a hierarchical filesystem},
  author={Chou, Jason},
  year={2015},
  school={University of British Columbia}
}

