@article{bez2003introduction,
  title={Introduction to flash memory},
  author={Bez, Roberto and Camerlenghi, Emilio and Modelli, Alberto and Visconti, Angelo},
  journal={Proceedings of the IEEE},
  volume={91},
  number={4},
  pages={489--502},
  year={2003},
  publisher={IEEE}
}

% https://patents.google.com/patent/US3728695A/en

% DRAM
@patent{US3728695A,
author={Frohman-Bentchkowsky, Dov},
title={Random-access floating gate mos memory array},
year={1973},
url={https://patents.google.com/patent/US3728695A/en}
}



% DRAM
@patent{US4322675A,
    author={Lee, Yong K. and Domitrowich, Joseph R.},
    title={Regulated MOS substrate bias voltage generator for a static random access memory},
    year={1982},
    url={https://patents.google.com/patent/US4322675A/en}
}

% Moore's Law
@misc{moore1965cramming,
  title={Cramming more components onto integrated circuits. Electronics 38 (8): 114--117},
  author={Moore, Gordon E},
  year={1965}
}
